<record><leader>00000cas a22000007a 4500</leader><controlfield tag="001">13084380</controlfield><controlfield tag="008">860130d18511854iaudn ne      0    0eng d</controlfield><datafield ind1=" " ind2=" " tag="010"><subfield code="a">sn 86053059 </subfield></datafield><datafield ind1=" " ind2=" " tag="040"><subfield code="a">NPX</subfield><subfield code="b">eng</subfield><subfield code="c">NPX</subfield><subfield code="d">NPH</subfield><subfield code="d">INP</subfield><subfield code="d">NVF</subfield><subfield code="d">OCLCQ</subfield></datafield><datafield ind1=" " ind2=" " tag="042"><subfield code="a">msc</subfield></datafield><datafield ind1="0" ind2=" " tag="130"><subfield code="a">Dubuque daily herald (Dubuque, Iowa : 1851)</subfield></datafield><datafield ind1="1" ind2="0" tag="245"><subfield code="a">Dubuque daily herald.</subfield></datafield><datafield ind1="1" ind2="3" tag="246"><subfield code="a">Daily herald</subfield></datafield><datafield ind1=" " ind2=" " tag="260"><subfield code="a">Dubuque, Iowa :</subfield><subfield code="b">Mahony, Stanton &amp; Dorr</subfield></datafield><datafield ind1=" " ind2=" " tag="300"><subfield code="a">v.</subfield></datafield><datafield ind1=" " ind2=" " tag="310"><subfield code="a">Daily (except Sun.)</subfield></datafield><datafield ind1="1" ind2=" " tag="362"><subfield code="a">Began in 1851; ceased with Oct. 26, 1854 issue.</subfield><subfield code="z">Cf. Bibl. of Iowa newspapers.</subfield></datafield><datafield ind1=" " ind2=" " tag="500"><subfield code="a">Also published a triweekly ed. (title unknown).</subfield></datafield><datafield ind1=" " ind2=" " tag="588"><subfield code="a">Description based on: Vol. 2, no. 186 (Nov. 22, 1852).</subfield></datafield><datafield ind1=" " ind2=" " tag="752"><subfield code="a">United States</subfield><subfield code="b">Iowa</subfield><subfield code="c">Dubuque</subfield><subfield code="d">Dubuque.</subfield></datafield><datafield ind1="0" ind2=" " tag="775"><subfield code="t">Dubuque weekly herald (Dubuque, Iowa : 1851)</subfield><subfield code="w">(DLC)sn 92055182</subfield></datafield><datafield ind1="0" ind2="0" tag="780"><subfield code="t">Dubuque herald (Dubuque, Iowa : Triweekly)</subfield></datafield><datafield ind1="0" ind2="7" tag="785"><subfield code="t">Daily miners' express</subfield><subfield code="w">(DLC)sn 86061139</subfield></datafield><datafield ind1="0" ind2="7" tag="785"><subfield code="t">Daily express and herald</subfield><subfield code="w">(DLC)sn 86061140</subfield></datafield></record>